<?xml version="1.0" encoding="UTF-8"?><record xmlns="http://www.loc.gov/MARC21/slim" xmlns:cinclude="http://apache.org/cocoon/include/1.0" xmlns:zs="http://www.loc.gov/zing/srw/">
  <leader>00503nz  a2200133n  4500</leader>
  <controlfield tag="001">n  99804439 </controlfield>
  <controlfield tag="003">DLC</controlfield>
  <controlfield tag="005">20000119132947.0</controlfield>
  <controlfield tag="008">000117n| acannaabn          |n aaa      </controlfield>
  <datafield tag="010" ind1=" " ind2=" ">
    <subfield code="a">n  99804439 </subfield>
  </datafield>
  <datafield tag="035" ind1=" " ind2=" ">
    <subfield code="a">(DNLM)1097971</subfield>
  </datafield>
  <datafield tag="040" ind1=" " ind2=" ">
    <subfield code="a">DNLM</subfield>
    <subfield code="b">eng</subfield>
    <subfield code="c">DNLM</subfield>
  </datafield>
  <datafield tag="100" ind1="1" ind2=" ">
    <subfield code="a">Lennox, Nicholas</subfield>
  </datafield>
  <datafield tag="670" ind1=" " ind2=" ">
    <subfield code="a">Management guidelines, people with developmental and intellectual disabilities, 1999:</subfield>
    <subfield code="b">t.p. (Nicholas Lennox, dir., Developmental Disability Unit, Dept. of Soc. and Prventative Med., Univ. of Queensland, Brisbane)</subfield>
  </datafield>
</record>